<record><leader>00000cas a22000007a 4500</leader><controlfield tag="001">12729442</controlfield><controlfield tag="008">851028d184u1856inuwr ne      0    0eng d</controlfield><datafield ind1=" " ind2=" " tag="010"><subfield code="a">sn 85048154 </subfield></datafield><datafield ind1=" " ind2=" " tag="040"><subfield code="a">NPI</subfield><subfield code="b">eng</subfield><subfield code="c">NPI</subfield><subfield code="d">DLC</subfield><subfield code="d">OCL</subfield><subfield code="d">DLC</subfield><subfield code="d">OCLCQ</subfield><subfield code="d">IUL</subfield><subfield code="d">OCLCF</subfield></datafield><datafield ind1=" " ind2=" " tag="019"><subfield code="a">8790261</subfield></datafield><datafield ind1="1" ind2=" " tag="029"><subfield code="a">AU@</subfield><subfield code="b">000025841044</subfield></datafield><datafield ind1=" " ind2=" " tag="042"><subfield code="a">msc</subfield></datafield><datafield ind1=" " ind2=" " tag="043"><subfield code="a">n-us-in</subfield></datafield><datafield ind1="0" ind2="0" tag="245"><subfield code="a">Indiana repository.</subfield></datafield><datafield ind1=" " ind2=" " tag="260"><subfield code="a">Greensburg, Ind. :</subfield><subfield code="b">John Thomson</subfield></datafield><datafield ind1=" " ind2=" " tag="300"><subfield code="a">v. :</subfield><subfield code="b">ill. ;</subfield><subfield code="c">54 cm.</subfield></datafield><datafield ind1=" " ind2=" " tag="310"><subfield code="a">Weekly</subfield></datafield><datafield ind1="1" ind2=" " tag="362"><subfield code="a">Ceased in 1856.</subfield></datafield><datafield ind1=" " ind2=" " tag="588"><subfield code="a">Description based on: Vol. 6, no. 14 (July 10, 1841).</subfield></datafield><datafield ind1=" " ind2="0" tag="651"><subfield code="a">Greensburg (Ind.)</subfield><subfield code="v">Newspapers.</subfield></datafield><datafield ind1=" " ind2="0" tag="651"><subfield code="a">Decatur County (Ind.)</subfield><subfield code="v">Newspapers.</subfield></datafield><datafield ind1=" " ind2="7" tag="651"><subfield code="a">Indiana</subfield><subfield code="z">Decatur County.</subfield><subfield code="2">fast</subfield><subfield code="0">(OCoLC)fst01213384</subfield></datafield><datafield ind1=" " ind2="7" tag="651"><subfield code="a">Indiana</subfield><subfield code="z">Greensburg.</subfield><subfield code="2">fast</subfield><subfield code="0">(OCoLC)fst01227011</subfield></datafield><datafield ind1=" " ind2="7" tag="655"><subfield code="a">Newspapers.</subfield><subfield code="2">fast</subfield><subfield code="0">(OCoLC)fst01423814</subfield></datafield><datafield ind1=" " ind2=" " tag="752"><subfield code="a">United States</subfield><subfield code="b">Indiana</subfield><subfield code="c">Decatur</subfield><subfield code="d">Greensburg.</subfield></datafield><datafield ind1="0" ind2="0" tag="780"><subfield code="t">Repository</subfield><subfield code="w">(DLC)sn 87062324</subfield><subfield code="w">(OCoLC)16565766</subfield></datafield><datafield ind1="0" ind2="0" tag="785"><subfield code="t">Decatur Republican</subfield><subfield code="w">(DLC)sn 85047775</subfield><subfield code="w">(OCoLC)11977696</subfield></datafield></record>